<?xml version="1.0" encoding="UTF-8"?><collection><record><leader>02813ctm a2200373 a 4500</leader><controlfield tag="001">005242211</controlfield><controlfield tag="003">MiAaHDL</controlfield><controlfield tag="005">20190719000000.0</controlfield><controlfield tag="006">m        d        </controlfield><controlfield tag="007">cr bn ---auaua</controlfield><controlfield tag="008">060712q15uu16uu|||           000|0 ara  </controlfield><datafield tag="035" ind1=" " ind2=" "><subfield code="a">(MiU)005242211</subfield></datafield><datafield tag="035" ind1=" " ind2=" "><subfield code="a">sdr-miu005242211</subfield></datafield><datafield tag="035" ind1=" " ind2=" "><subfield code="a">(OCoLC)81282441</subfield></datafield><datafield tag="035" ind1=" " ind2=" "><subfield code="a">(RLIN)MIUG06-B2923</subfield></datafield><datafield tag="040" ind1=" " ind2=" "><subfield code="a">MiU</subfield><subfield code="c">MiU</subfield></datafield><datafield tag="100" ind1="1" ind2=" "><subfield code="6">880-01</subfield><subfield code="a">al-Buṣrawī, Muḥammad b. ʻIzz al-Dīn Khalīl b. Muḥammad Muḥibb al-Dīn.</subfield></datafield><datafield tag="240" ind1="1" ind2="0"><subfield code="6">880-02</subfield><subfield code="a">Iʻrāb al-Ṭāriqiyyah wa maʻa-hu iʻrāb āyat al-kursī.</subfield></datafield><datafield tag="245" ind1="1" ind2="0"><subfield code="6">880-03</subfield><subfield code="a">Iʻrāb al-Ṭāriqiyyah wa maʻa-hu iʻrāb āyat al-kursī,</subfield><subfield code="f">[16th or 17th century?].</subfield></datafield><datafield tag="300" ind1=" " ind2=" "><subfield code="a">1</subfield><subfield code="f">v. ([132]p. ) ;</subfield><subfield code="c">16.5cm.</subfield></datafield><datafield tag="500" ind1=" " ind2=" "><subfield code="a">Manuscript is undated; possibly 16th or 17th century.</subfield></datafield><datafield tag="500" ind1=" " ind2=" "><subfield code="a">al-Bruṣawī is not listed in Brockelmann, but is mentioned under the entry on Ḍiyā' al-Dīn al-Khazrajī. Not found in British Museum Cat. of Arabic books and mss.</subfield></datafield><datafield tag="500" ind1=" " ind2=" "><subfield code="a">This codex contains two works by two different authors, both written in the same hand. The Iʻrāb al-Ṭariqiyyah is the first of these two works, beginning on the first page of the manuscript and continuing until page 93. The second work, Kitāb al-anwār al-saʻādah fī sharḥ al-kalimatay al-shahādah, by al-Kāfiyajī begins on page 99, and continues until page 131. On the page preceding this second work (page 98), are found two rubāʻīs in Persian, written in a different hand from the main works.</subfield></datafield><datafield tag="500" ind1=" " ind2=" "><subfield code="a">Simple leather bound codex. Upper cover is detached; leather is crumbling away from the backing. Text written in black naskh script with rubrications. There are many notations in a different hand in the margins as well as on the final page.</subfield></datafield><datafield tag="510" ind1="4" ind2=" "><subfield code="a">GAL,</subfield><subfield code="c">v. I, p312. n. 10.</subfield></datafield><datafield tag="520" ind1=" " ind2=" "><subfield code="a">Grammatical analysis and explanation of various sūrahs of the Qur'ān, beginning with the entirety of al-Fātiḥah (sūrah 1), an-Nās (sūrah 114), al-Falaq (sūrah 113), and then al-Ikhlāṣ (sūrah 112). Then, special attention is paided to Sūrat al-Ṭāriq (sūrah 86) and to the āyat al-kursī (the "throne verse") in Sūrat al-Baqarah (sūrah 2). Composed in 877/1472-3.</subfield></datafield><datafield tag="538" ind1=" " ind2=" "><subfield code="a">Mode of access: Internet.</subfield></datafield><datafield tag="545" ind1=" " ind2=" "><subfield code="a">15th century grammarian (naḥwī).</subfield></datafield><datafield tag="650" ind1=" " ind2="0"><subfield code="a">Arabic language</subfield><subfield code="x">grammar.</subfield></datafield><datafield tag="650" ind1=" " ind2="0"><subfield code="a">Islamic literature, Arabic</subfield><subfield code="y">Early works to 1800.</subfield></datafield><datafield tag="650" ind1=" " ind2="0"><subfield code="a">Manuscripts, Arabic</subfield><subfield code="z">Michigan</subfield><subfield code="z">Ann Arbor.</subfield></datafield><datafield tag="773" ind1="0" ind2=" "><subfield code="a">Yahuda Collection.</subfield></datafield><datafield tag="880" ind1="1" ind2="0"><subfield code="6">245-03/</subfield><subfield code="a">اعراب الطارقية و معه اعراب آية الكرسي,</subfield><subfield code="f">[القرن 16 أو 17م؟].</subfield></datafield><datafield tag="880" ind1="1" ind2="0"><subfield code="6">240-02/</subfield><subfield code="a">اعراب الطارقية و معه اعراب آية الكرسي.</subfield></datafield><datafield tag="880" ind1="1" ind2=" "><subfield code="6">100-01/</subfield><subfield code="a">البصروي، محمد بن عزّ الدين خليل بن محمد محبّ الدين.</subfield></datafield><datafield tag="CID" ind1=" " ind2=" "><subfield code="a">005242211</subfield></datafield><datafield tag="DAT" ind1="0" ind2=" "><subfield code="a">20190719102633.0</subfield><subfield code="b">20190719000000.0</subfield></datafield><datafield tag="DAT" ind1="1" ind2=" "><subfield code="a">20190719090653.0</subfield><subfield code="b">2019-07-19T16:10:54Z</subfield></datafield><datafield tag="DAT" ind1="2" ind2=" "><subfield code="a">2015-10-02T18:00:03Z</subfield></datafield><datafield tag="CAT" ind1=" " ind2=" "><subfield code="a">SDR-MIU</subfield><subfield code="d">EX LIBRIS - ALEPH</subfield><subfield code="l">prepare.pl-004-008</subfield></datafield><datafield tag="FMT" ind1=" " ind2=" "><subfield code="a">BK</subfield></datafield><datafield tag="HOL" ind1=" " ind2=" "><subfield code="0">sdr-miu005242211</subfield><subfield code="a">MiU</subfield><subfield code="b">SDR</subfield><subfield code="c">MIU</subfield><subfield code="p">mdp.39015081447701</subfield><subfield code="s">MIU</subfield><subfield code="1">005242211</subfield></datafield><datafield tag="974" ind1=" " ind2=" "><subfield code="b">MIU</subfield><subfield code="c">MIU</subfield><subfield code="d">20190719</subfield><subfield code="s">lit-dlps-dc</subfield><subfield code="u">mdp.39015081447701</subfield><subfield code="y">1699</subfield><subfield code="r">pd</subfield><subfield code="q">bib</subfield><subfield code="t">non-US bib date2 &lt; 1879</subfield></datafield></record></collection>